<?xml version="1.0" encoding="UTF-8"?><collection xmlns="http://www.loc.gov/MARC21/slim"><record><leader>00423nam--2200133-i-4500</leader><controlfield tag="001">000043887</controlfield><controlfield tag="002">20161230</controlfield><controlfield tag="005">20161230201044</controlfield><controlfield tag="008">060222s1000------------r-----000-0-eng-d</controlfield><datafield ind1=" " ind2=" " tag="080"><subfield code="a">532.72:669.017.1.015</subfield></datafield><datafield ind1=" " ind2=" " tag="100"><subfield code="a">Teillier, Andre</subfield></datafield><datafield ind1=" " ind2=" " tag="245"><subfield code="a">Contribution a l`etude des phenomenes de diffusion dans les alliages liquides. these</subfield></datafield><datafield ind1=" " ind2=" " tag="260"><subfield code="a">Gernoble, Universite Scientifique Et Medicale, 1971, 46p. + P.Dif</subfield></datafield><datafield ind1=" " ind2=" " tag="852"><subfield code="a">38116</subfield></datafield></record></collection>